@FOOTNOTE{Note1,key="Note1",note="In mesoscopic physics, ballistic conduction (ballistic transport) is the unimpeded flow (or transport) of charge carriers (usually electrons), or energy-carrying particles, over relatively long distances in a material."}
@CONTROL{REVTEX42Control}
@CONTROL{aip41Control,pages="1",title="0"}
